@Article{Cleveland_1990_STL,
  title={{STL}: A seasonal-trend decomposition procedure based on loess},
  author={Cleveland, Robert B and Cleveland, William S and McRae, Jean E and Terpenning, Irma},
  journal={Journal of official statistics},
  volume={6},
  number={1},
  pages={3--73},
  year={1990}
}

@Article{Wen_2020,
  author       = {Wen, Qingsong and Zhang, Zhe and Li, Yan and Sun,
                  Liang},
  title        = {Fast RobustSTL: Efficient and Robust Seasonal-Trend
                  Decomposition for Time Series with Complex Patterns},
  year         = 2020,
  month        = {Aug},
  doi          = {10.1145/3394486.3403271},
  url          = {http://dx.doi.org/10.1145/3394486.3403271},
  journal      = {Proceedings of the 26th ACM SIGKDD International
                  Conference on Knowledge Discovery &amp; Data Mining},
  publisher    = {ACM},
  keywords     = {seasonal-trend decomposition, O(nlogn)}
}
